<collection xmlns="http://www.loc.gov/MARC21/slim">
   <record>
      <leader>04432nam a22005057i 4500</leader>
      <controlfield tag="001">6760915</controlfield>
      <controlfield tag="003">OCoLC</controlfield>
      <controlfield tag="005">20140903091910.2</controlfield>
      <controlfield tag="006">m     o  d        </controlfield>
      <controlfield tag="007">cr cnu---unuuu</controlfield>
      <controlfield tag="008">140902s2015    mdu     ob    001 0 eng d</controlfield>
      <datafield ind1=" " ind2=" " tag="020">
         <subfield code="a">9781442241305 (electronic bk.)</subfield>
      </datafield>
      <datafield ind1=" " ind2=" " tag="020">
         <subfield code="a">1442241306 (electronic bk.)</subfield>
      </datafield>
      <datafield ind1=" " ind2=" " tag="020">
         <subfield code="z">9781442241299</subfield>
      </datafield>
      <datafield ind1=" " ind2=" " tag="020">
         <subfield code="z">1442241292</subfield>
      </datafield>
      <datafield ind1=" " ind2=" " tag="035">
         <subfield code="a">ocn889813324</subfield>
      </datafield>
      <datafield ind1=" " ind2=" " tag="037">
         <subfield code="a">839083</subfield>
         <subfield code="b">EBSCO</subfield>
      </datafield>
      <datafield ind1=" " ind2=" " tag="039">
         <subfield code="a">exclude</subfield>
      </datafield>
      <datafield ind1=" " ind2=" " tag="040">
         <subfield code="a">N$T</subfield>
         <subfield code="b">eng</subfield>
         <subfield code="e">rda</subfield>
         <subfield code="e">pn</subfield>
         <subfield code="c">N$T</subfield>
         <subfield code="d">AEU</subfield>
      </datafield>
      <datafield ind1=" " ind2=" " tag="043">
         <subfield code="a">n-us---</subfield>
      </datafield>
      <datafield ind1=" " ind2="4" tag="050">
         <subfield code="a">PN1995.9.N4</subfield>
      </datafield>
      <datafield ind1=" " ind2="7" tag="072">
         <subfield code="a">PER</subfield>
         <subfield code="x">009000</subfield>
         <subfield code="2">bisacsh</subfield>
      </datafield>
      <datafield ind1="0" ind2="4" tag="082">
         <subfield code="a">791.43/6552</subfield>
         <subfield code="2">23</subfield>
      </datafield>
      <datafield ind1=" " ind2=" " tag="090">
         <subfield code="a">Internet Access</subfield>
         <subfield code="b">AEU</subfield>
      </datafield>
      <datafield ind1="0" ind2="0" tag="245">
         <subfield code="a">Movies in the age of Obama :</subfield>
         <subfield code="b">the era of post racial and neo-racist cinema /</subfield>
         <subfield code="c">edited by David Garrett Izzo.</subfield>
      </datafield>
      <datafield ind1=" " ind2="1" tag="264">
         <subfield code="a">Lanham :</subfield>
         <subfield code="b">Rowman &amp; Littlefield,</subfield>
         <subfield code="c">2015.</subfield>
      </datafield>
      <datafield ind1=" " ind2=" " tag="300">
         <subfield code="a">1 online resource.</subfield>
      </datafield>
      <datafield ind1=" " ind2=" " tag="336">
         <subfield code="a">text</subfield>
         <subfield code="b">txt</subfield>
         <subfield code="2">rdacontent</subfield>
         <subfield code="0">http://id.loc.gov/vocabulary/contentTypes/txt</subfield>
      </datafield>
      <datafield ind1=" " ind2=" " tag="337">
         <subfield code="a">computer</subfield>
         <subfield code="b">c</subfield>
         <subfield code="2">rdamedia</subfield>
         <subfield code="0">http://id.loc.gov/vocabulary/mediaTypes/c</subfield>
      </datafield>
      <datafield ind1=" " ind2=" " tag="338">
         <subfield code="a">online resource</subfield>
         <subfield code="b">cr</subfield>
         <subfield code="2">rdacarrier</subfield>
         <subfield code="0">http://id.loc.gov/vocabulary/carriers/cr</subfield>
      </datafield>
      <datafield ind1=" " ind2=" " tag="504">
         <subfield code="a">Includes bibliographical references and index.</subfield>
      </datafield>
      <datafield ind1="0" ind2=" " tag="505">
         <subfield code="a">Introduction / David Garrett Izzo -- Resonance from the past: experience is learned backwards, but must be lived forwards. "I really need a maid!": white womanhood in The help / Kwakiutl L. Dreher -- Gwendolyn Brooks's Bronzeville and Tate Taylor's Jackson:รก -- Art hurts: art urges voyages and it is easier to stay at home / Blake Hobby -- If Django and Lincoln could talk: James Baldwin goes to the movies / Robert McParland -- The exceptional n*gger: redefining African-American identity in Django unchained / Rodney Marcel Fierce -- Blaxploitation film: from Black dynamite to Django unchained / Brian E Butler -- Between The butler and Black dynamite: servility, militancy, and the meaning of blaxploitation / Andrew Grossman -- Rednecks, racism &amp; religion; the white, the black &amp; the mist: 'King &amp; Darabont's precarious prophecy of Obama's coming / Victoria McCollum -- The present is an eternal now connecting past and future. "I am Trayvon Martin": Obama and the black male in cinema / Mohanalakshmi Rajakumar and Alisha Saiyed -- South Africa as a metaphor for US racial dreams and fears in Invictus / Sohinee Roy -- "Mama, I think I broke something": thinking about the environment in Benh Zeitlin's Beasts of the Southern wild / Irina Negrea -- It's not a wonderful life: the financial crisis on film, and the limits of Hollywood liberalism / Peter C. Grosvenor -- Reimagining Gatsby as black or white in Baz Luhrmann's adaptation of The great Gatsby / Cammie Sublette -- The present imagines the future. The hunger games, race, and social class / Sonya Brown -- Rise of The planet of the people: resistance and revolution / Doug Morris -- The 2013 Academy Award for best picture: 12 years a slave. "Under the floorboards of this nation": trauma representation, and the stain of history in 12 years a slave / Ed Cameron and Linda Belau -- 162 years after 12 years a slave: a viewing through double-consciousness / Salvador Murgia -- "Revoking the privilege of forgetting": white supremacy Interrogated in 12 years a slave / David M. Jones -- No, you can't: passive protagonists in The blind side, Django unchained, and 12 years a slave / Thomas Garrett.</subfield>
      </datafield>
      <datafield ind1=" " ind2=" " tag="506">
         <subfield code="a">Access restricted to authorized users and institutions.</subfield>
      </datafield>
      <datafield ind1=" " ind2=" " tag="588">
         <subfield code="a">Description based on print version record.</subfield>
      </datafield>
      <datafield ind1=" " ind2=" " tag="596">
         <subfield code="a">44</subfield>
      </datafield>
      <datafield ind1=" " ind2="0" tag="650">
         <subfield code="a">African Americans in motion pictures.</subfield>
         <subfield code="0">http://id.loc.gov/authorities/subjects/sh85002011</subfield>
      </datafield>
      <datafield ind1=" " ind2="0" tag="650">
         <subfield code="a">Race in motion pictures.</subfield>
         <subfield code="0">http://id.loc.gov/authorities/subjects/sh2001008935</subfield>
      </datafield>
      <datafield ind1=" " ind2="0" tag="650">
         <subfield code="a">Racism in motion pictures.</subfield>
         <subfield code="0">http://id.loc.gov/authorities/subjects/sh85110270</subfield>
      </datafield>
      <datafield ind1=" " ind2="0" tag="650">
         <subfield code="a">Motion pictures</subfield>
         <subfield code="z">United States</subfield>
         <subfield code="x">History</subfield>
         <subfield code="y">21st century.</subfield>
      </datafield>
      <datafield ind1="1" ind2=" " tag="700">
         <subfield code="a">Izzo, David Garrett,</subfield>
         <subfield code="e">editor.</subfield>
         <subfield code="0">http://id.loc.gov/authorities/names/n98010101</subfield>
         <subfield code="0">http://viaf.org/viaf/34627790</subfield>
      </datafield>
      <datafield ind1=" " ind2=" " tag="758">
         <subfield code="0">http://worldcat.org/entity/work/id/54401970</subfield>
      </datafield>
      <datafield ind1="0" ind2=" " tag="787">
         <subfield code="n">OCLC Work Id</subfield>
         <subfield code="o">http://worldcat.org/entity/work/id/54401970</subfield>
      </datafield>
      <datafield ind1="4" ind2="0" tag="856">
         <subfield code="3">University of Alberta Access</subfield>
         <subfield code="u">http://search.ebscohost.com/login.aspx?direct=true&amp;scope=site&amp;db=nlebk&amp;db=nlabk&amp;AN=839083</subfield>
         <subfield code="z">(Single User Access)</subfield>
      </datafield>
      <datafield ind1=" " ind2=" " tag="949">
         <subfield code="h">UAIN</subfield>
         <subfield code="z">EBSCOUA</subfield>
      </datafield>
      <datafield ind1=" " ind2=" " tag="926">
         <subfield code="a">Internet Access</subfield>
         <subfield code="w">LC</subfield>
         <subfield code="c">1</subfield>
         <subfield code="i">6760915-1001</subfield>
         <subfield code="l">INTERNET</subfield>
         <subfield code="m">UAINTERNET</subfield>
         <subfield code="r">Y</subfield>
         <subfield code="s">Y</subfield>
         <subfield code="t">E-RESOURCE</subfield>
         <subfield code="u">1/5/2015</subfield>
         <subfield code="x">E-BOOK</subfield>
         <subfield code="z">EBSCOUA</subfield>
      </datafield>
   </record>
</collection>
